<?xml version="1.0" encoding="UTF-8"?><collection xmlns="http://www.loc.gov/MARC21/slim"><record><leader>00490nam--2200193-i-4500</leader><controlfield tag="001">000043209</controlfield><controlfield tag="002">20161230</controlfield><controlfield tag="005">20161230201043</controlfield><controlfield tag="008">060222s1000------------r-----000-0-rus-d</controlfield><datafield ind1=" " ind2=" " tag="040"><subfield code="a">IFIN-HH</subfield></datafield><datafield ind1=" " ind2=" " tag="041"><subfield code="a">rus</subfield></datafield><datafield ind1=" " ind2=" " tag="080"><subfield code="a">533.9</subfield></datafield><datafield ind1="1" ind2=" " tag="100"><subfield code="a">Vladimirov, V.V</subfield></datafield><datafield ind1="1" ind2="0" tag="245"><subfield code="a">Plazma poluorovodnikov</subfield><subfield code="c">V.V. Vladimirov, A.F. Volkov, E.Z. Meilihov</subfield></datafield><datafield ind1=" " ind2=" " tag="260"><subfield code="a">Moskva</subfield><subfield code="b">Atomizdat</subfield><subfield code="c">1979</subfield></datafield><datafield ind1=" " ind2=" " tag="300"><subfield code="a">254 p</subfield></datafield><datafield ind1="1" ind2=" " tag="700"><subfield code="a">Meilihov, E.Z</subfield></datafield><datafield ind1=" " ind2=" " tag="852"><subfield code="a">75244</subfield><subfield code="c">533.9</subfield></datafield><datafield ind1=" " ind2=" " tag="CAT"><subfield code="a">Sys</subfield><subfield code="c">20101002</subfield><subfield code="h">100634</subfield></datafield></record></collection>